<collection>
<record>
<leader>05288cpcaa22009017a 4500</leader>
<controlfield tag="001">13517868</controlfield>
<controlfield tag="005">20240830135328.0</controlfield>
<controlfield tag="007">st omnnmbi|||e</controlfield>
<controlfield tag="008">040310i19811981xxu eng </controlfield>
<datafield ind1=" " ind2=" " tag="906">
<subfield code="a">7</subfield>
<subfield code="b">cbc</subfield>
<subfield code="c">orignew</subfield>
<subfield code="d">1</subfield>
<subfield code="e">ncip</subfield>
<subfield code="f">19</subfield>
<subfield code="g">y-folklife</subfield>
</datafield>
<datafield ind1=" " ind2=" " tag="955">
<subfield code="a">
mfor ?/?/96; shal 10/14/99; kblu 02-04-00; cker 02-04-00; mkru 2004-03-17; mkru 2004-05-24; mkru 2004-08-03; mkru 2004-11-17; mkru 2005-07-11; mkru 2011-05-09
</subfield>
<subfield code="a">mkru 2013-08-17</subfield>
<subfield code="a">mkru 2015-12-15</subfield>
<subfield code="a">mseg 2017-07-08</subfield>
<subfield code="a">mseg 2017-07-11</subfield>
<subfield code="a">mkru 2017-08-29</subfield>
<subfield code="a">masmit 2020-06-01</subfield>
<subfield code="a">masmit 2024-08-30</subfield>
</datafield>
<datafield ind1=" " ind2=" " tag="010">
<subfield code="a"> 2004695014</subfield>
</datafield>
<datafield ind1=" " ind2=" " tag="035">
<subfield code="a">afc96000022</subfield>
</datafield>
<datafield ind1="2" ind2="0" tag="033">
<subfield code="a">1981----</subfield>
<subfield code="a">1981----</subfield>
</datafield>
<datafield ind1=" " ind2=" " tag="040">
<subfield code="a">DLC</subfield>
<subfield code="c">DLC</subfield>
<subfield code="e">appm</subfield>
<subfield code="d">DLC</subfield>
</datafield>
<datafield ind1="0" ind2=" " tag="041">
<subfield code="a">eng</subfield>
<subfield code="d">eng</subfield>
<subfield code="d">mkh</subfield>
<subfield code="d">spa</subfield>
</datafield>
<datafield ind1=" " ind2=" " tag="043">
<subfield code="a">n-us---</subfield>
<subfield code="a">a-cb---</subfield>
<subfield code="a">e-ie---</subfield>
</datafield>
<datafield ind1=" " ind2=" " tag="090">
<subfield code="a">
RWA 0681-0682; RWA 0830-0831; RWA 0912; RWA 1593-1594; RWA 1760-1761; RWA 1358-1359 (preservation masters)
</subfield>
</datafield>
<datafield ind1=" " ind2=" " tag="090">
<subfield code="a">AFC 1981/006</subfield>
</datafield>
<datafield ind1="0" ind2="0" tag="245">
<subfield code="a">1981 Neptune Plaza Concert Series collection,</subfield>
<subfield code="f">1981 /</subfield>
<subfield code="c">
sponsored by the American Folklife Center ; assisted by the National Council for the Traditional Arts.
</subfield>
</datafield>
<datafield ind1="0" ind2=" " tag="246">
<subfield code="a">American Folklife Center concert, 1981</subfield>
</datafield>
<datafield ind1=" " ind2=" " tag="300">
<subfield code="3">manuscripts</subfield>
<subfield code="a">7</subfield>
<subfield code="f">folders.</subfield>
</datafield>
<datafield ind1=" " ind2=" " tag="300">
<subfield code="3">sound recordings</subfield>
<subfield code="a">11 sound tape reels :</subfield>
<subfield code="b">analog, 7 1/2 ips ;</subfield>
<subfield code="c">10 in.</subfield>
</datafield>
<datafield ind1=" " ind2=" " tag="300">
<subfield code="3">graphic materials</subfield>
<subfield code="a">188 photographs :</subfield>
<subfield code="b">black and white, negatives.</subfield>
</datafield>
<datafield ind1=" " ind2=" " tag="300">
<subfield code="3">graphic materials</subfield>
<subfield code="a">120 slides :</subfield>
<subfield code="b">color.</subfield>
</datafield>
<datafield ind1=" " ind2=" " tag="300">
<subfield code="3">graphic materials</subfield>
<subfield code="a">14 photographic prints :</subfield>
<subfield code="b">black and white.</subfield>
</datafield>
<datafield ind1="0" ind2=" " tag="490">
<subfield code="a">Neptune Plaza concert series</subfield>
</datafield>
<datafield ind1=" " ind2=" " tag="500">
<subfield code="a">
Photographs include negatives, black and white contact sheets, photographic prints, and color slides taken by photographers John T. Gibbs, Carl Fleischhauer, Alice Byers, with publicity photographs by other photographers.
</subfield>
</datafield>
<datafield ind1=" " ind2=" " tag="520">
<subfield code="a">
The collection consists of manuscript materials, sound recordings, and photographs documenting the performance of bluegrass music, Piedmont blues music, Afro-Cuban music, rhythm and blues and boogie woogie music, Cambodian classical dance, and Irish music recorded live outdoors on Neptune Plaza in front of the Thomas Jefferson Building, Library of Congress, at concerts from May through October 1981, sponsored by the American Folklife Center and the National Council for the Traditional Arts.
</subfield>
</datafield>
<datafield ind1="0" ind2=" " tag="505">
<subfield code="a">
May 7: The Johnson Mountain Boys (Bluegrass music) -- June 4: John Cephas and Phil Wiggins (Piedmont blues music) -- July 2: Kubatá (Afro-Cuban music) -- August 6: J.C. Burris and "Piano" Red (Boogie woogie and rhythm and blues) -- September 3: Khmer Classical Dance Troupe (Cambodian music and dance) -- October 1: Mick Moloney and Billy McComiskey (Irish and Irish American music)
</subfield>
</datafield>
<datafield ind1="8" ind2=" " tag="524">
<subfield code="a">
1981 Neptune Plaza Concert Series collection (AFC 1981/006), American Folklife Center, Library of Congress, Washington, D.C.
</subfield>
</datafield>
<datafield ind1=" " ind2=" " tag="540">
<subfield code="a">
Duplication of the recorded materials may be governed by copyright and other restrictions.
</subfield>
</datafield>
<datafield ind1="1" ind2=" " tag="506">
<subfield code="a">
Collection is open for research; access restrictions for some materials may apply. To request materials, please contact the Folklife Reading Room at
</subfield>
<subfield code="u">https://hdl.loc.gov/loc.afc/folklife.contact</subfield>
</datafield>
<datafield ind1=" " ind2=" " tag="546">
<subfield code="3">Manuscripts</subfield>
<subfield code="a">in English.</subfield>
</datafield>
<datafield ind1=" " ind2=" " tag="546">
<subfield code="3">Sound recordings</subfield>
<subfield code="a">in English, Mon-Khmer, Spanish.</subfield>
</datafield>
<datafield ind1="0" ind2=" " tag="555">
<subfield code="a">
Finding aid is available in the Folklife Reading Room and online
</subfield>
<subfield code="u">https://hdl.loc.gov/loc.afc/eadafc.af011008</subfield>
</datafield>
<datafield ind1=" " ind2="0" tag="650">
<subfield code="a">Folk music</subfield>
<subfield code="z">United States.</subfield>
</datafield>
<datafield ind1=" " ind2="0" tag="650">
<subfield code="a">Dance music</subfield>
<subfield code="z">Cambodia.</subfield>
</datafield>
<datafield ind1=" " ind2="0" tag="650">
<subfield code="a">Folk music</subfield>
<subfield code="z">Ireland.</subfield>
</datafield>
<datafield ind1=" " ind2="0" tag="650">
<subfield code="a">Rhythm and blues music.</subfield>
</datafield>
<datafield ind1=" " ind2="0" tag="650">
<subfield code="a">Boogie woogie (Music)</subfield>
</datafield>
<datafield ind1=" " ind2="0" tag="650">
<subfield code="a">Blues (Music)</subfield>
<subfield code="z">Piedmont (U.S. : Region)</subfield>
</datafield>
<datafield ind1=" " ind2="0" tag="650">
<subfield code="a">Blues (Music)</subfield>
<subfield code="y">1981-1990.</subfield>
</datafield>
<datafield ind1=" " ind2="0" tag="650">
<subfield code="a">Bluegrass music</subfield>
<subfield code="y">1981-1990.</subfield>
</datafield>
<datafield ind1=" " ind2="0" tag="650">
<subfield code="a">Dance</subfield>
<subfield code="z">Cambodia.</subfield>
</datafield>
<datafield ind1=" " ind2="0" tag="650">
<subfield code="a">Dance, Black</subfield>
<subfield code="z">Cuba.</subfield>
</datafield>
<datafield ind1=" " ind2="0" tag="650">
<subfield code="a">Dance music</subfield>
<subfield code="z">Cuba.</subfield>
</datafield>
<datafield ind1=" " ind2="0" tag="650">
<subfield code="a">Salsa (Music)</subfield>
<subfield code="z">Cuba.</subfield>
</datafield>
<datafield ind1=" " ind2="0" tag="650">
<subfield code="a">Popular music</subfield>
<subfield code="z">Cuba.</subfield>
</datafield>
<datafield ind1=" " ind2="0" tag="650">
<subfield code="a">African Americans</subfield>
<subfield code="v">Music.</subfield>
</datafield>
<datafield ind1=" " ind2="0" tag="650">
<subfield code="a">Cambodian Americans</subfield>
<subfield code="v">Music.</subfield>
</datafield>
<datafield ind1=" " ind2="0" tag="650">
<subfield code="a">Cuban Americans</subfield>
<subfield code="v">Music.</subfield>
</datafield>
<datafield ind1=" " ind2="0" tag="650">
<subfield code="a">Irish</subfield>
<subfield code="z">United States</subfield>
<subfield code="v">Music.</subfield>
</datafield>
<datafield ind1=" " ind2="0" tag="650">
<subfield code="a">Irish Americans</subfield>
<subfield code="v">Music.</subfield>
</datafield>
<datafield ind1=" " ind2="7" tag="655">
<subfield code="a">Sound recordings.</subfield>
<subfield code="2">lcgft</subfield>
</datafield>
<datafield ind1=" " ind2="7" tag="655">
<subfield code="a">Manuscripts.</subfield>
<subfield code="2">aat</subfield>
</datafield>
<datafield ind1=" " ind2="7" tag="655">
<subfield code="a">Correspondence.</subfield>
<subfield code="2">aat</subfield>
</datafield>
<datafield ind1=" " ind2="7" tag="655">
<subfield code="a">Photographic prints.</subfield>
<subfield code="2">aat</subfield>
</datafield>
<datafield ind1=" " ind2="7" tag="655">
<subfield code="a">Photographs.</subfield>
<subfield code="2">aat</subfield>
</datafield>
<datafield ind1=" " ind2="7" tag="655">
<subfield code="a">Color slides.</subfield>
<subfield code="2">aat</subfield>
</datafield>
<datafield ind1="1" ind2=" " tag="700">
<subfield code="a">Moloney, Mick,</subfield>
<subfield code="d">1944-2022,</subfield>
<subfield code="e">performer.</subfield>
</datafield>
<datafield ind1="1" ind2=" " tag="700">
<subfield code="a">McComiskey, Billy,</subfield>
<subfield code="e">performer.</subfield>
</datafield>
<datafield ind1="1" ind2=" " tag="700">
<subfield code="a">Burris, J. C.,</subfield>
<subfield code="d">1928-1988,</subfield>
<subfield code="e">performer.</subfield>
</datafield>
<datafield ind1="0" ind2=" " tag="700">
<subfield code="a">Piano Red,</subfield>
<subfield code="d">1911-1985,</subfield>
<subfield code="e">performer.</subfield>
</datafield>
<datafield ind1="1" ind2=" " tag="700">
<subfield code="a">Wiggins, Phil,</subfield>
<subfield code="e">performer.</subfield>
</datafield>
<datafield ind1="1" ind2=" " tag="700">
<subfield code="a">Cephas, John,</subfield>
<subfield code="e">performer.</subfield>
</datafield>
<datafield ind1="1" ind2=" " tag="700">
<subfield code="a">Borrell, Roberto,</subfield>
<subfield code="e">performer.</subfield>
</datafield>
<datafield ind1="2" ind2=" " tag="710">
<subfield code="a">Johnson Mountain Boys,</subfield>
<subfield code="e">performer.</subfield>
</datafield>
<datafield ind1="2" ind2=" " tag="710">
<subfield code="a">Khmer Classical Dance Troupe,</subfield>
<subfield code="e">performer.</subfield>
</datafield>
<datafield ind1="2" ind2=" " tag="710">
<subfield code="a">Kubatá (Musical group)</subfield>
<subfield code="e">performer.</subfield>
</datafield>
<datafield ind1="2" ind2=" " tag="710">
<subfield code="a">American Folklife Center,</subfield>
<subfield code="e">sponsor.</subfield>
</datafield>
<datafield ind1="2" ind2=" " tag="710">
<subfield code="a">Archive of Folk Culture (Library of Congress),</subfield>
<subfield code="e">collector.</subfield>
</datafield>
<datafield ind1="2" ind2=" " tag="710">
<subfield code="a">National Council for the Traditional Arts,</subfield>
<subfield code="e">sponsor.</subfield>
</datafield>
<datafield ind1=" " ind2=" " tag="852">
<subfield code="a">Library of Congress</subfield>
<subfield code="b">American Folklife Center,</subfield>
<subfield code="e">
101 Independence Ave. S.E., Washington, DC USA 20540-4610
</subfield>
<subfield code="u">https://hdl.loc.gov/loc.afc/folklife.home</subfield>
</datafield>
<datafield ind1="4" ind2="2" tag="856">
<subfield code="3">Finding aid</subfield>
<subfield code="u">https://hdl.loc.gov/loc.afc/eadafc.af011008</subfield>
</datafield>
<datafield ind1=" " ind2=" " tag="985">
<subfield code="a">afc/ead</subfield>
</datafield>
<datafield ind1=" " ind2=" " tag="985">
<subfield code="a">afc/coll</subfield>
</datafield>
<datafield ind1=" " ind2=" " tag="985">
<subfield code="a">afc/event</subfield>
</datafield>
</record>
</collection>